@article{covid_nikkei,
journal="日経新聞",
year="2020/7/26",
note="「西村経財相「在宅勤務を7割に」　経済界に再要請へ」"}

@misc{telework_guideline,
  author       = {総務省},
  title        = {総務省テレワークセキュリティガイドライン},
  howpublished = {},
  year         = {平成30年4月}
}

@misc{sshuttle,
  author       = {Brian May},
  title        = "sshuttle",
  howpublished = {\url{https://github.com/sshuttle/sshuttle}},
  year         = {}
}

@misc{sshuttle_page,
  author       = {Brian May},
  title        = {sshuttle: where transparent proxy meets VPN meets ssh},
  howpublished = {\url{https://sshuttle.readthedocs.io/en/stable/}},
  year         = {}
}

@misc{sshportal,
  author       = {Manfred Touron},
  title        = "sshportal",
  howpublished = {\url{https://github.com/moul/sshportal}},
  year         = {}
}

@misc{sshportalpage,
  author       = {Manfred Touron},
  title        = {sshportal - {A}n {O}pinionated {SSH} {J}ump-{H}ost},
  howpublished = {\url{https://manfred.life/sshportal-intro}},
  year         = {}
}
@misc{teleport,
  author       = {Gravitational},
  title        = {Teleport},
  howpublished = {\url{https://github.com/gravitational/teleport}},
  year         = {}
}
@misc{teleportpage,
  author       = {Gravitational},
  title        = {Teleport},
  howpublished = {\url{https://gravitational.com/teleport/docs/}},
  year         = {}
}

@misc{softethervpn,
  author       = {SoftEtherプロジェクト, 筑波大学},
  title        = {Soft{E}ther {VPN}},
  howpublished = {\url{https://github.com/SoftEtherVPN/SoftEtherVPN}},
  year         = {}
}
@misc{softethervpnpage,
  author       = {SoftEtherプロジェクト, 筑波大学},
  title        = {Soft{E}ther {VPN} プロジェクト },
  howpublished = {\url{https://ja.softether.org/}},
  year         = {}
}

@misc{activedirectorydomainservices,
  author       = {Microsoft},
  title        = {Active {D}irectory {D}omain {S}ervices},
  howpublished = {\url{https://docs.microsoft.com/ja-jp/windows-server/identity/ad-ds/active-directory-domain-services}},
  year         = {}
}


@misc{activedirectory,
  author       = {Microsoft},
  title        = {Active {D}irectory {D}omain {S}erviceの概要},
  howpublished = {\url{https://docs.microsoft.com/ja-jp/windows-server/identity/ad-ds/get-started/virtual-dc/active-directory-domain-services-overview}},
  year         = {}
}

@misc{active,
  author       = {Microsoft},
  title        = {Azure {A}ctive {D}irectoryとは},
  howpublished = {\url{https://docs.microsoft.com/ja-jp/azure/active-directory/fundamentals/active-directory-whatis}},
  year         = {}
}